@article{scipioni2021phasor,
  title={Phasor S-FLIM: a new paradigm for fast and robust spectral fluorescence lifetime imaging},
  author={Scipioni, Lorenzo and Rossetta, Alessandro and Tedeschi, Giulia and Gratton, Enrico},
  journal={Nature methods},
  volume={18},
  number={5},
  pages={542--550},
  year={2021},
  publisher={Nature Publishing Group US New York}
}

@article{carles2019holistic,
  title={Holistic Monte-Carlo optical modelling of biological imaging},
  author={Carles, Guillem and Zammit, Paul and Harvey, Andrew R},
  journal={Scientific reports},
  volume={9},
  number={1},
  pages={1--11},
  year={2019},
  publisher={Springer}
}

@article{dysli2017fluorescence,
  title={Fluorescence lifetime imaging ophthalmoscopy},
  author={Dysli, Chantal and Wolf, Sebastian and Berezin, Mikhail Y and Sauer, Lydia and Hammer, Martin and Zinkernagel, Martin S},
  journal={Progress in retinal and eye research},
  volume={60},
  pages={120--143},
  year={2017},
  publisher={Elsevier}
}

@article{schweitzer2007towards,
  title={Towards metabolic mapping of the human retina},
  author={Schweitzer, D and Schenke, S and Hammer, M and Schweitzer, F and Jentsch, S and Birckner, Eckhard and Becker, W and Bergmann, A},
  journal={Microscopy research and technique},
  volume={70},
  number={5},
  pages={410--419},
  year={2007},
  publisher={Wiley Online Library}
}

@article{dutton2016single,
  title={Single photon counting performance and noise analysis of CMOS SPAD-based image sensors},
  author={Dutton, Neale AW and Gyongy, Istvan and Parmesan, Luca and Henderson, Robert K},
  journal={Sensors},
  volume={16},
  number={7},
  pages={1122},
  year={2016},
  publisher={MDPI}
}

@article{mahmoudi2021noise,
  title={Noise and Breakdown Characterization of SPAD Detectors with Time-Gated Photon-Counting Operation},
  author={Mahmoudi, Hiwa and Hofbauer, Michael and Goll, Bernhard and Zimmermann, Horst},
  journal={Sensors},
  volume={21},
  number={16},
  pages={5287},
  year={2021},
  publisher={MDPI}
}
